@article{cybenko1989approximation,
  title={Approximation by superpositions of a sigmoidal function},
  author={Cybenko, George},
  journal={Mathematics of control, signals and systems},
  volume={2},
  number={4},
  pages={303--314},
  year={1989},
  publisher={Springer}
}

@article{hornik1989multilayer,
  title={Multilayer feedforward networks are universal approximators},
  author={Hornik, Kurt and Stinchcombe, Maxwell and White, Halbert},
  journal={Neural networks},
  volume={2},
  number={5},
  pages={359--366},
  year={1989},
  publisher={Elsevier}
}

@article{46153,
title	= {The Space of Transferable Adversarial Examples},
author	= {Florian Tram√®r and Nicolas Papernot and Ian Goodfellow and Dan Boneh and Patrick McDaniel},
year	= {2017},
URL	= {https://arxiv.org/abs/1704.03453},
journal	= {arXiv}
}

